<?xml version="1.0" encoding="UTF-8"?><collection><record><leader>06232ntm a2200589 a 4500</leader><controlfield tag="001">006768637</controlfield><controlfield tag="003">MiAaHDL</controlfield><controlfield tag="005">20190719000000.0</controlfield><controlfield tag="006">m        d        </controlfield><controlfield tag="007">cr bn ---auaua</controlfield><controlfield tag="008">090506q17511752xx            00| ||ara d</controlfield><datafield tag="035" ind1=" " ind2=" "><subfield code="a">(MiU)006768637</subfield></datafield><datafield tag="035" ind1=" " ind2=" "><subfield code="a">sdr-miu006768637</subfield></datafield><datafield tag="040" ind1=" " ind2=" "><subfield code="a">MiU</subfield><subfield code="c">MiU</subfield><subfield code="e">amremm</subfield></datafield><datafield tag="043" ind1=" " ind2=" "><subfield code="a">n-us-mi</subfield></datafield><datafield tag="100" ind1="0" ind2=" "><subfield code="6">880-01</subfield><subfield code="a">Jāmī,</subfield><subfield code="d">1414-1492.</subfield></datafield><datafield tag="240" ind1="1" ind2="0"><subfield code="6">880-02</subfield><subfield code="a">Fawāʼid al-Ḍiyāʼīyah</subfield></datafield><datafield tag="245" ind1="1" ind2="0"><subfield code="6">880-03</subfield><subfield code="a">Fawāʼid wāfiyah bi-ḥall mushkilāt al-Kāfiyah,</subfield><subfield code="f">[1165?, i.e. 1751 or 1752?].</subfield></datafield><datafield tag="260" ind1=" " ind2=" "><subfield code="c">[1751 or 1752?].</subfield></datafield><datafield tag="300" ind1=" " ind2=" "><subfield code="a">227 leaves :</subfield><subfield code="b">paper ;</subfield><subfield code="c">215 x 145 (170 x 70) mm. bound to 215 x 165 mm.</subfield></datafield><datafield tag="500" ind1=" " ind2=" "><subfield code="a">Shelfmark: Ann Arbor, University of Michigan, Special Collections Library, Isl. Ms. 129</subfield></datafield><datafield tag="500" ind1=" " ind2=" "><subfield code="a">Origin: As appears in colophon on fol.226a, copied by Murād Aṣl ibn ʻAbd Allāh. Copy completed ("khatamtu hādhā [kadhā] al-nuskhah...") in the year 1165 [1751 or 1752] or possibly 1149 [1736 or 1737]. Reading is questionable, though 1165 may fit better with the claim that the copy was completed in the time of Arslan Giray Han (ruled 1748-1756). Scribal verses adjacent to colophon read "الخط باقى والعمر فانى والعبد عاصى والرب عافى."</subfield></datafield><datafield tag="500" ind1=" " ind2=" "><subfield code="a">Accompanying materials: Numerous inserted slips, some with writing some without, between fol. 23 and 24, fol. 47 and 48, fol. 48 and 49, fol. 105 and 106, fol. 134 and 135, fol. 193 and 194.</subfield></datafield><datafield tag="500" ind1=" " ind2=" "><subfield code="a">Former shelfmark: British Museum, London. "No. 122. Jami's commentary on the Kafiyah."</subfield></datafield><datafield tag="500" ind1=" " ind2=" "><subfield code="a">Binding: Pasteboard covered in black leather; Type II (with flap); upper and lower covers carry blind-stamped central mandorla and cornerpieces (design worn and no longer clearly visible but comparable to Déroche class. NA) along with decorative vegetal border and blind-tooled accents; pastedowns of pink paper; in good condition.</subfield></datafield><datafield tag="500" ind1=" " ind2=" "><subfield code="a">Support: European laid paper; chain lines visible and running horizontally, spaced about 27 mm. apart; laid lines running vertically and spaced roughly 7 laid lines per cm; several quires in a second European laid paper with chain lines running horizontally and spaced roughly 23-24 mm. apart, laid lines running vertically spaced roughly 6-7 laid lines per cm.</subfield></datafield><datafield tag="500" ind1=" " ind2=" "><subfield code="a">Decoration: Red rule-border frames portions of text and glosses.</subfield></datafield><datafield tag="500" ind1=" " ind2=" "><subfield code="a">Script: Naskh, with influence of nastaʻlīq (talik); at least four or five distinct hands: hand of the first quire (fol. 1 - 10), hand of the eighth quire (fol. 124 - 134), hand of fol. 135 to the end, hand of fol. 70 to 89, etc.</subfield></datafield><datafield tag="500" ind1=" " ind2=" "><subfield code="a">Layout: Written in 17 to 19 lines per page; frame-ruled.</subfield></datafield><datafield tag="500" ind1=" " ind2=" "><subfield code="a">Collation: VI (12), 14 V (162), 4 IV (194), 5 III (214), 2 II (222), 2 I (226), 1 (227); catchwords present; pagination in pencil, Western numerals (referenced in cataloguing).</subfield></datafield><datafield tag="500" ind1=" " ind2=" "><subfield code="a">Colophon: "Scribal," triangular, reads: "ختمت هذا [كذا] النسخة الشريفة المباركة في يوم بشنبه وفي [الوقت ص] العشاء وفي مدرسة مصر ومدرسة باي محمد افندي وفي زمان ارسلان كراي خان خلد الله ملكه وسلطانته كاتبه مراد اصل الحقير الفقير المحتاج رحمة الله عليه اجمعين تاريخ سنة ١١٤٩ [؟]</subfield></datafield><datafield tag="500" ind1=" " ind2=" "><subfield code="a">Explicit: "قد استراح من مكد الانتهاض لنقل هذا الشرح من السواد الى البياض العبد الفقير عبد الرضى عن الخير [؟] ... صاحب ومالك مراد اصل بن عبد الله كتبه مراد اصل ..."</subfield></datafield><datafield tag="500" ind1=" " ind2=" "><subfield code="a">Incipit: "الحمد لله لوليه والصلوة على نبيه ... اما بعد فهذه فوائد وافية بحل مشكلات الكافية للعلامة المشتهر في المشارق "والمغارب الشيخ ابن الحاجب</subfield></datafield><datafield tag="500" ind1=" " ind2=" "><subfield code="a">Title from opening on fol.1b.</subfield></datafield><datafield tag="500" ind1=" " ind2=" "><subfield code="a">Ms. codex.</subfield></datafield><datafield tag="510" ind1="4" ind2=" "><subfield code="a">Brockelmann, C. GAL,</subfield><subfield code="c">SI, 533</subfield></datafield><datafield tag="510" ind1="4" ind2=" "><subfield code="a">Brockelmann, C. GAL,</subfield><subfield code="c">I, 369</subfield></datafield><datafield tag="520" ind1="8" ind2=" "><subfield code="a">Jāmī's commentary, written for his son Ḍiyāʼ al-Dīn Yūsuf and also called al-Fawāʼid al-Ḍiyāʼīyah, on ʻUthmān ibn ʻUmar Ibn al-Ḥājib's grammar, al-Kāfiyah. Description provided by Alison Vacca.</subfield></datafield><datafield tag="538" ind1=" " ind2=" "><subfield code="a">Mode of access: Internet.</subfield></datafield><datafield tag="541" ind1=" " ind2=" "><subfield code="c">Purchase ;</subfield><subfield code="a">Acquired by purchase along with Abdul Hamid Collection (funds donated by Horace Rackham).</subfield><subfield code="d">1924.</subfield></datafield><datafield tag="546" ind1=" " ind2=" "><subfield code="a">Arabic.</subfield></datafield><datafield tag="561" ind1=" " ind2=" "><subfield code="a">Bookplate of British Museum, London on inner front cover, "No. 122. Jami's commentary on the Kafiyah."; circular seal impression with figure of goat/gazelle in purple ink as well as inscription "384" in Western numerals on fol.1a; "٥٦٣" inscribed on tail of text block; large circular waqf-seal impression appears on fol.1a, fol.120b, fol.225b, reads: "هذا وقف الراجي فيض الصمدي الشيخ احمد ضيا الدين ابن مصطفى الخالدي فمن بدله بعد ما سمعه فانما اثمه على الذين يبدلونه" in name of Aḥmad Ḍiyāʼ al-Dīn ibn Muṣṭafá al-Khālidī (i.e. Ahmed Ziyâüddîn Gümüşhanevî, d. 1893 or 4); numerous seal impressions throughout, (some obliterated), both octagonal and circular (see fol.1a, fol.2a, 119b, 120b, 121a, 227b); several ownership statements and signatures on fol.1a, fol.2a, fol.200b, and fol.226b; numerous marginal corrections, notabilia, and glosses.</subfield></datafield><datafield tag="600" ind1="1" ind2="0"><subfield code="a">Ibn al-Ḥājib, ʻUthmān ibn ʻUmar,</subfield><subfield code="d">1175-1249.</subfield><subfield code="t">Kāfiyah.</subfield></datafield><datafield tag="650" ind1=" " ind2="0"><subfield code="a">Manuscripts, Arabic</subfield><subfield code="z">Michigan</subfield><subfield code="z">Ann Arbor.</subfield></datafield><datafield tag="650" ind1=" " ind2="0"><subfield code="a">Arabic language</subfield><subfield code="x">Syntax</subfield><subfield code="v">Early works to 1800.</subfield></datafield><datafield tag="650" ind1=" " ind2="0"><subfield code="a">Arabic language</subfield><subfield code="x">Grammar</subfield><subfield code="v">Early works to 1800.</subfield></datafield><datafield tag="700" ind1="0" ind2=" "><subfield code="6">880-07</subfield><subfield code="a">Murād Aṣl ibn ʻAbd Allāh,</subfield><subfield code="d">flourished 1736?,</subfield><subfield code="e">scribe,</subfield><subfield code="e">former owner.</subfield></datafield><datafield tag="773" ind1="0" ind2=" "><subfield code="a">Tiflis Collection.</subfield></datafield><datafield tag="880" ind1="0" ind2=" "><subfield code="6">700-07/</subfield><subfield code="a">مراد اصل بن عبد الله،</subfield><subfield code="e">ناسخ،</subfield><subfield code="e">مالك سابق.</subfield></datafield><datafield tag="880" ind1="1" ind2="0"><subfield code="6">245-03/</subfield><subfield code="a">فوائد وافية بحل مشكلات الكافية,</subfield><subfield code="f">[1165؟ه, 1751 أو 1752م؟].</subfield></datafield><datafield tag="880" ind1="1" ind2="0"><subfield code="6">240-02/</subfield><subfield code="a">فوائد الضيائية</subfield></datafield><datafield tag="880" ind1="0" ind2=" "><subfield code="6">100-01/</subfield><subfield code="a">جامي.</subfield></datafield><datafield tag="CID" ind1=" " ind2=" "><subfield code="a">006768637</subfield></datafield><datafield tag="DAT" ind1="0" ind2=" "><subfield code="a">20190719102635.0</subfield><subfield code="b">20190719000000.0</subfield></datafield><datafield tag="DAT" ind1="1" ind2=" "><subfield code="a">20190719090653.0</subfield><subfield code="b">2019-07-19T16:11:21Z</subfield></datafield><datafield tag="DAT" ind1="2" ind2=" "><subfield code="a">2015-10-10T18:00:06Z</subfield></datafield><datafield tag="CAT" ind1=" " ind2=" "><subfield code="a">SDR-MIU</subfield><subfield code="d">EX LIBRIS - ALEPH</subfield><subfield code="l">prepare.pl-004-008</subfield></datafield><datafield tag="FMT" ind1=" " ind2=" "><subfield code="a">BK</subfield></datafield><datafield tag="HOL" ind1=" " ind2=" "><subfield code="0">sdr-miu006768637</subfield><subfield code="a">MiU</subfield><subfield code="b">SDR</subfield><subfield code="c">MIU</subfield><subfield code="p">mdp.39015079125228</subfield><subfield code="s">MIU</subfield><subfield code="1">006768637</subfield></datafield><datafield tag="974" ind1=" " ind2=" "><subfield code="b">MIU</subfield><subfield code="c">MIU</subfield><subfield code="d">20190719</subfield><subfield code="s">lit-dlps-dc</subfield><subfield code="u">mdp.39015079125228</subfield><subfield code="y">1752</subfield><subfield code="r">pd</subfield><subfield code="q">bib</subfield><subfield code="t">non-US bib date2 &lt; 1879</subfield></datafield></record></collection>